<collection xmlns="http://www.loc.gov/MARC21/slim">
<record>
  <leader>01086nam0a22002411i 450 </leader>
  <controlfield tag="001">IT\ICCU\CNCE\047464</controlfield>
  <controlfield tag="005">19990308000000.0</controlfield>
  <datafield tag="012" ind1=" " ind2=" ">
    <subfield code="a">e-e, tita erhe qude (3) 1548 (R)</subfield>
    <subfield code="2">fei</subfield>
  </datafield>
  <datafield tag="100" ind1=" " ind2=" ">
    <subfield code="a">19990223d1548        0itac0103    ba</subfield>
  </datafield>
  <datafield tag="101" ind1=" " ind2=" ">
    <subfield code="a">ITA</subfield>
  </datafield>
  <datafield tag="102" ind1=" " ind2=" ">
    <subfield code="a">IT</subfield>
  </datafield>
  <datafield tag="200" ind1="1" ind2=" ">
    <subfield code="a">Seconda parte de le cose morali di Plutarcho, recate pur hora in questa nostra lingua, da M. Giouanni Tarchagnota. Con la tauola di tutto quello che si contiene nell&apos;opera</subfield>
  </datafield>
  <datafield tag="210" ind1=" " ind2=" ">
    <subfield code="a">In Venetia</subfield>
    <subfield code="c">\Michele Tramezzino!</subfield>
    <subfield code="d">1548</subfield>
    <subfield code="e">In Venetia</subfield>
    <subfield code="g">per Michel e Tramezino</subfield>
    <subfield code="h">1548</subfield>
  </datafield>
  <datafield tag="215" ind1=" " ind2=" ">
    <subfield code="a">\8!, 272 c.</subfield>
    <subfield code="d">8ʻ</subfield>
  </datafield>
  <datafield tag="300" ind1=" " ind2=" ">
    <subfield code="a">La prima parte era stata pubblicata nel 1543</subfield>
  </datafield>
  <datafield tag="700" ind1=" " ind2="0">
    <subfield code="a">Plutarchus</subfield>
    <subfield code="3">IT\ICCU\CNCA\000103</subfield>
  </datafield>
  <datafield tag="702" ind1=" " ind2="1">
    <subfield code="a">Tarcagnota,</subfield>
    <subfield code="b">Giovanni</subfield>
    <subfield code="3">IT\ICCU\CNCA\001157</subfield>
  </datafield>
  <datafield tag="790" ind1=" " ind2="0">
    <subfield code="a">Plutarco</subfield>
    <subfield code="3">IT\ICCU\CNCA\018845</subfield>
    <subfield code="z">Plutarchus</subfield>
  </datafield>
  <datafield tag="790" ind1=" " ind2="0">
    <subfield code="a">Plutarchus</subfield>
    <subfield code="c"> : Chaeroneus</subfield>
    <subfield code="3">IT\ICCU\CNCA\018846</subfield>
    <subfield code="z">Plutarchus</subfield>
  </datafield>
  <datafield tag="790" ind1=" " ind2="0">
    <subfield code="a">Plutarco</subfield>
    <subfield code="c"> : Cheroneo</subfield>
    <subfield code="3">IT\ICCU\CNCA\022661</subfield>
    <subfield code="z">Plutarchus</subfield>
  </datafield>
  <datafield tag="790" ind1=" " ind2="0">
    <subfield code="a">Ploutarchos</subfield>
    <subfield code="3">IT\ICCU\CNCA\022664</subfield>
    <subfield code="z">Plutarchus</subfield>
  </datafield>
  <datafield tag="801" ind1=" " ind2="3">
    <subfield code="a">IT</subfield>
    <subfield code="b">ICCU</subfield>
    <subfield code="c">20201115</subfield>
  </datafield>
  <datafield tag="899" ind1=" " ind2=" ">
    <subfield code="a">Biblioteca nazionale centrale. Roma</subfield>
    <subfield code="1">RM0267</subfield>
    <subfield code="2">BVE CR</subfield>
  </datafield>
</record>
</collection>
